<record xmlns="http://www.loc.gov/MARC21/slim">
   <leader>02505cam a2200481 i 4500</leader>
   <controlfield tag="001">6815532</controlfield>
   <controlfield tag="003">OCoLC</controlfield>
   <controlfield tag="005">20150210083337.0</controlfield>
   <controlfield tag="008">140715t20152015inua     b   s001 0beng  </controlfield>
   <datafield ind1=" " ind2=" " tag="010">
      <subfield code="a">  2014027037</subfield>
   </datafield>
   <datafield ind1=" " ind2=" " tag="015">
      <subfield code="a">GBB4D2939</subfield>
      <subfield code="2">bnb</subfield>
   </datafield>
   <datafield ind1="7" ind2=" " tag="016">
      <subfield code="a">016954112</subfield>
      <subfield code="2">Uk</subfield>
   </datafield>
   <datafield ind1=" " ind2=" " tag="020">
      <subfield code="a">9780253014689 (hardcover : acid-free paper)</subfield>
   </datafield>
   <datafield ind1=" " ind2=" " tag="020">
      <subfield code="a">0253014689 (hardcover : acid-free paper)</subfield>
   </datafield>
   <datafield ind1=" " ind2=" " tag="020">
      <subfield code="z">9780253014733 (ebook)</subfield>
   </datafield>
   <datafield ind1=" " ind2=" " tag="020">
      <subfield code="z">0253014735 (ebook)</subfield>
   </datafield>
   <datafield ind1=" " ind2=" " tag="035">
      <subfield code="a">ocn875997370</subfield>
   </datafield>
   <datafield ind1=" " ind2=" " tag="040">
      <subfield code="a">DLC</subfield>
      <subfield code="b">eng</subfield>
      <subfield code="e">rda</subfield>
      <subfield code="c">DLC</subfield>
      <subfield code="d">BTCTA</subfield>
      <subfield code="d">BDX</subfield>
      <subfield code="d">YDXCP</subfield>
      <subfield code="d">UKMGB</subfield>
      <subfield code="d">OCLCF</subfield>
      <subfield code="d">IUL</subfield>
      <subfield code="d">CUI</subfield>
      <subfield code="d">UAB</subfield>
      <subfield code="d">AEU</subfield>
   </datafield>
   <datafield ind1=" " ind2=" " tag="042">
      <subfield code="a">pcc</subfield>
   </datafield>
   <datafield ind1=" " ind2=" " tag="043">
      <subfield code="a">n-us---</subfield>
      <subfield code="a">n-us-in</subfield>
      <subfield code="a">a-ph---</subfield>
   </datafield>
   <datafield ind1="0" ind2="0" tag="050">
      <subfield code="a">E748.M157</subfield>
      <subfield code="b">K68 2015</subfield>
   </datafield>
   <datafield ind1="0" ind2="0" tag="082">
      <subfield code="a">327.2092</subfield>
      <subfield code="a">B</subfield>
      <subfield code="2">23</subfield>
   </datafield>
   <datafield ind1=" " ind2=" " tag="090">
      <subfield code="a">E 748 M157 K68 2015</subfield>
      <subfield code="b">AEU</subfield>
   </datafield>
   <datafield ind1="1" ind2=" " tag="100">
      <subfield code="a">Kotlowski, Dean J.,</subfield>
      <subfield code="e">author.</subfield>
   </datafield>
   <datafield ind1="1" ind2="0" tag="245">
      <subfield code="a">Paul V. McNutt and the age of FDR /</subfield>
      <subfield code="c">Dean J. Kotlowski.</subfield>
   </datafield>
   <datafield ind1="3" ind2=" " tag="246">
      <subfield code="a">Paul Vories McNutt and the age of Franklin Delano Roosevelt</subfield>
   </datafield>
   <datafield ind1=" " ind2="1" tag="264">
      <subfield code="a">Bloomington :</subfield>
      <subfield code="b">Indiana University Press,</subfield>
      <subfield code="c">[2015]</subfield>
   </datafield>
   <datafield ind1=" " ind2="4" tag="264">
      <subfield code="c">©2015</subfield>
   </datafield>
   <datafield ind1=" " ind2=" " tag="300">
      <subfield code="a">xv, 580 pages :</subfield>
      <subfield code="b">illustrations ;</subfield>
      <subfield code="c">24 cm</subfield>
   </datafield>
   <datafield ind1=" " ind2=" " tag="336">
      <subfield code="a">text</subfield>
      <subfield code="2">rdacontent</subfield>
   </datafield>
   <datafield ind1=" " ind2=" " tag="337">
      <subfield code="a">unmediated</subfield>
      <subfield code="2">rdamedia</subfield>
   </datafield>
   <datafield ind1=" " ind2=" " tag="338">
      <subfield code="a">volume</subfield>
      <subfield code="2">rdacarrier</subfield>
   </datafield>
   <datafield ind1=" " ind2=" " tag="504">
      <subfield code="a">Includes bibliographical references (pages 537-556) and index.</subfield>
   </datafield>
   <datafield ind1="0" ind2=" " tag="505">
      <subfield code="a">Introduction: A Man, an Era, and a President -- 1. "I See ... a Great Future" (1891-1913) -- 2. New Departures, Old Haunts (1913-1925) -- 3. Triumphs and Tragedy (1925-1926) -- 4. The Legion and Leadership (1926-1928) -- 5. National Vistas, State Elections (1929-1932) -- 6. A New Deal for Indiana (1933-1934) -- 7. "Hoosier Hitler" (1935-1936) -- 8. Breaking Away (1937-1938) -- 9. Humanitarian-- and Home (1937-1939) -- 10. Paul V. and Franklin D. (1939-1940) -- 11. Ambition Frustrated (1940) -- 12. Dimensions of Security (1939-1945) -- 13. Mobilizing Manpower (1942-1945) -- 14. Returning to the Philippines (1945-1947) -- 15. Fading Away (1947-1955).</subfield>
   </datafield>
   <datafield ind1=" " ind2=" " tag="596">
      <subfield code="a">16</subfield>
   </datafield>
   <datafield ind1="1" ind2="0" tag="600">
      <subfield code="a">McNutt, Paul V.</subfield>
      <subfield code="q">(Paul Vories),</subfield>
      <subfield code="d">1891-1955.</subfield>
   </datafield>
   <datafield ind1="1" ind2="0" tag="600">
      <subfield code="a">Roosevelt, Franklin D.</subfield>
      <subfield code="q">(Franklin Delano),</subfield>
      <subfield code="d">1882-1945</subfield>
      <subfield code="x">Friends and associates.</subfield>
   </datafield>
   <datafield ind1="1" ind2="0" tag="600">
      <subfield code="a">McNutt, Paul V.</subfield>
      <subfield code="q">(Paul Vories),</subfield>
      <subfield code="d">1891-1955</subfield>
      <subfield code="x">Travel</subfield>
      <subfield code="z">Philippines.</subfield>
   </datafield>
   <datafield ind1=" " ind2="0" tag="650">
      <subfield code="a">Ambassadors</subfield>
      <subfield code="z">United States</subfield>
      <subfield code="v">Biography.</subfield>
   </datafield>
   <datafield ind1=" " ind2="0" tag="650">
      <subfield code="a">Governors</subfield>
      <subfield code="z">Indiana</subfield>
      <subfield code="v">Biography.</subfield>
   </datafield>
   <datafield ind1=" " ind2="0" tag="651">
      <subfield code="a">United States</subfield>
      <subfield code="x">History</subfield>
      <subfield code="y">1933-1945.</subfield>
   </datafield>
   <datafield ind1=" " ind2=" " tag="949">
      <subfield code="a">E 748 M157 K68 2015</subfield>
      <subfield code="h">UAAU-B</subfield>
      <subfield code="i">0162035247806</subfield>
   </datafield>
   <datafield ind1=" " ind2=" " tag="926">
      <subfield code="a">E 748 M157 K68 2015</subfield>
      <subfield code="w">LC</subfield>
      <subfield code="c">1</subfield>
      <subfield code="i">0162034580470</subfield>
      <subfield code="d">3/22/2016</subfield>
      <subfield code="e">3/7/2016</subfield>
      <subfield code="l">ON_SHELF</subfield>
      <subfield code="m">UAAUG</subfield>
      <subfield code="n">3</subfield>
      <subfield code="p">$150.00</subfield>
      <subfield code="r">Y</subfield>
      <subfield code="s">Y</subfield>
      <subfield code="t">BOOK</subfield>
      <subfield code="u">3/4/2015</subfield>
   </datafield>
</record>
